@misc{WinNT,
  title = {{MS Windows NT} Kernel Description},
  howpublished = {\url{http://web.archive.org/web/20080207010024/http://www.808multimedia.com/winnt/kernel.htm}},
  note = {Accessed: 2010-09-30}
}

@article{Biclique_Cryptanalysis_of_the_Full_AES,
	title = Biclique Cryptanalysis of the Full AES,
	url = {https://web.archive.org/web/20160306104007/http://research.microsoft.com/en-us/projects/cryptanalysis/aesbc.pdf},
	author = {Andrey Bogdanov, Dmitry Khovratovich, and Christian Rechberger},
	keywords = {block ciphers, bicliques, AES, key recovery, preimage},
	pages = {1--33},
}
@misc{Cryptanalysis_of_Block_Ciphers,
      author = {Nicolas Courtois and Josef Pieprzyk},
      title = {Cryptanalysis of Block Ciphers with Overdefined Systems of Equations},
      howpublished = {Cryptology ePrint Archive, Paper 2002/044},
      year = {2002},
      note = {\url{https://eprint.iacr.org/2002/044}},
      url = {https://eprint.iacr.org/2002/044}
}